@article{bogin2019global,
  title={Global reasoning over database structures for text-to-sql parsing},
  author={Bogin, Ben and Gardner, Matt and Berant, Jonathan},
  journal={arXiv preprint arXiv:1908.11214},
  year={2019}
}
@article{guo2019towards,
  title={Towards complex text-to-sql in cross-domain database with intermediate representation},
  author={Guo, Jiaqi and Zhan, Zecheng and Gao, Yan and Xiao, Yan and Lou, Jian-Guang and Liu, Ting and Zhang, Dongmei},
  journal={arXiv preprint arXiv:1905.08205},
  year={2019}
}

@article{pal2020data,
  title={Data Agnostic RoBERTa-based Natural Language to SQL Query Generation},
  author={Pal, Debaditya and Sharma, Harsh and Chaudhari, Kaustubh},
  journal={arXiv preprint arXiv:2010.05243},
  year={2020}
}
@article{wang2018robust,
  title={Robust text-to-sql generation with execution-guided decoding},
  author={Wang, Chenglong and Tatwawadi, Kedar and Brockschmidt, Marc and Huang, Po-Sen and Mao, Yi and Polozov, Oleksandr and Singh, Rishabh},
  journal={arXiv preprint arXiv:1807.03100},
  year={2018}
}
@article{hwang2019comprehensive,
  title={A comprehensive exploration on wikisql with table-aware word contextualization},
  author={Hwang, Wonseok and Yim, Jinyeong and Park, Seunghyun and Seo, Minjoon},
  journal={arXiv preprint arXiv:1902.01069},
  year={2019}
}
@article{xu2017sqlnet,
  title={Sqlnet: Generating structured queries from natural language without reinforcement learning},
  author={Xu, Xiaojun and Liu, Chang and Song, Dawn},
  journal={arXiv preprint arXiv:1711.04436},
  year={2017}
}
@inproceedings{setlur2016eviza,
  title={Eviza: A natural language interface for visual analysis},
  author={Setlur, Vidya and Battersby, Sarah E and Tory, Melanie and Gossweiler, Rich and Chang, Angel X},
  booktitle={Proceedings of the 29th Annual Symposium on User Interface Software and Technology},
  pages={365--377},
  year={2016}
}
@article{liu2019roberta,
  title={Roberta: A robustly optimized bert pretraining approach},
  author={Liu, Yinhan and Ott, Myle and Goyal, Naman and Du, Jingfei and Joshi, Mandar and Chen, Danqi and Levy, Omer and Lewis, Mike and Zettlemoyer, Luke and Stoyanov, Veselin},
  journal={arXiv preprint arXiv:1907.11692},
  year={2019}
}
@article{devlin2018bert,
  title={Bert: Pre-training of deep bidirectional transformers for language understanding},
  author={Devlin, Jacob and Chang, Ming-Wei and Lee, Kenton and Toutanova, Kristina},
  journal={arXiv preprint arXiv:1810.04805},
  year={2018}
}
@article{yu2018spider,
  title={Spider: A large-scale human-labeled dataset for complex and cross-domain semantic parsing and text-to-sql task},
  author={Yu, Tao and Zhang, Rui and Yang, Kai and Yasunaga, Michihiro and Wang, Dongxu and Li, Zifan and Ma, James and Li, Irene and Yao, Qingning and Roman, Shanelle and others},
  journal={arXiv preprint arXiv:1809.08887},
  year={2018}
}
@inproceedings{setlur2019inferencing,
  title={Inferencing underspecified natural language utterances in visual analysis},
  author={Setlur, Vidya and Tory, Melanie and Djalali, Alex},
  booktitle={Proceedings of the 24th International Conference on Intelligent User Interfaces},
  pages={40--51},
  year={2019}
}
@article{zhong2017seq2sql,
  title={Seq2sql: Generating structured queries from natural language using reinforcement learning},
  author={Zhong, Victor and Xiong, Caiming and Socher, Richard},
  journal={arXiv preprint arXiv:1709.00103},
  year={2017}
}
@article{guo2019content,
  title={Content Enhanced BERT-based Text-to-SQL Generation},
  author={Guo, Tong and Gao, Huilin},
  journal={arXiv preprint arXiv:1910.07179},
  year={2019}
}



@inproceedings{xie2008evaluating,
  title={Evaluating the effectiveness of features and sampling in extractive meeting summarization},
  author={Xie, Shasha and Liu, Yang and Lin, Hui},
  booktitle={2008 IEEE Spoken Language Technology Workshop},
  pages={157--160},
  year={2008},
  organization={IEEE}
}

@article{alguliev2013formulation,
  title={Formulation of document summarization as a 0--1 nonlinear programming problem},
  author={Alguliev, Rasim M and Aliguliyev, Ramiz M and Isazade, Nijat R},
  journal={Computers \& Industrial Engineering},
  volume={64},
  number={1},
  pages={94--102},
  year={2013},
  publisher={Elsevier}
}

@article{brin1998anatomy,
  title={The anatomy of a large-scale hypertextual web search engine},
  author={Brin, Sergey and Page, Lawrence},
  journal={Computer networks and ISDN systems},
  volume={30},
  number={1-7},
  pages={107--117},
  year={1998},
  publisher={Elsevier}
}
@article{kleinberg1999authoritative,
  title={Authoritative sources in a hyperlinked environment},
  author={Kleinberg, Jon M},
  journal={Journal of the ACM (JACM)},
  volume={46},
  number={5},
  pages={604--632},
  year={1999},
  publisher={ACM}
}
@inproceedings{wan2008exploration,
  title={An exploration of document impact on graph-based multi-document summarization},
  author={Wan, Xiaojun},
  booktitle={Proceedings of the Conference on Empirical Methods in Natural Language Processing},
  pages={755--762},
  year={2008},
  organization={Association for Computational Linguistics}
}
@inproceedings{wan2008multi,
  title={Multi-document summarization using cluster-based link analysis},
  author={Wan, Xiaojun and Yang, Jianwu},
  booktitle={Proceedings of the 31st annual international ACM SIGIR conference on Research and development in information retrieval},
  pages={299--306},
  year={2008},
  organization={ACM}
}
@article{radev2004centroid,
  title={Centroid-based summarization of multiple documents},
  author={Radev, Dragomir R and Jing, Hongyan and Sty{\'s}, Ma{\l}gorzata and Tam, Daniel},
  journal={Information Processing \& Management},
  volume={40},
  number={6},
  pages={919--938},
  year={2004},
  publisher={Elsevier}
}
@inproceedings{hardy2002cross,
  title={Cross-document summarization by concept classification},
  author={Hardy, Hilda and Shimizu, Nobuyuki and Strzalkowski, Tomek and Ting, Liu and Zhang, Xinyang and Wise, G Bowden},
  booktitle={Proceedings of the 25th annual international ACM SIGIR conference on Research and development in information retrieval},
  pages={121--128},
  year={2002},
  organization={ACM}
}

@inproceedings{harabagiu2005topic,
  title={Topic themes for multi-document summarization},
  author={Harabagiu, Sanda and Lacatusu, Finley},
  booktitle={Proceedings of the 28th annual international ACM SIGIR conference on Research and development in information retrieval},
  pages={202--209},
  year={2005},
  organization={ACM}
}
@inproceedings{wan2008document,
  title={Document-based hits model for multi-document summarization},
  author={Wan, Xiaojun},
  booktitle={Pacific Rim International Conference on Artificial Intelligence},
  pages={454--465},
  year={2008},
  organization={Springer}
}

@inproceedings{klein2003accurate,
  title={Accurate unlexicalized parsing},
  author={Klein, Dan and Manning, Christopher D},
  booktitle={Proceedings of the 41st Annual Meeting on Association for Computational Linguistics-Volume 1},
  pages={423--430},
  year={2003},
  organization={Association for Computational Linguistics}
}

@inproceedings{wan2007manifold,
  title={Manifold-Ranking Based Topic-Focused Multi-Document Summarization.},
  author={Wan, Xiaojun and Yang, Jianwu and Xiao, Jianguo},
  booktitle={IJCAI},
  volume={7},
  pages={2903--2908},
  year={2007}
}
@inproceedings{wan2009graph,
  title={Graph-based multi-modality learning for topic-focused multi-document summarization},
  author={Wan, Xiaojun and Xiao, Jianguo},
  booktitle={Twenty-First International Joint Conference on Artificial Intelligence},
  year={2009}
}
@article{brin2012reprint,
  title={Reprint of: The anatomy of a large-scale hypertextual web search engine},
  author={Brin, Sergey and Page, Lawrence},
  journal={Computer networks},
  volume={56},
  number={18},
  pages={3825--3833},
  year={2012},
  publisher={Elsevier}
}

@inproceedings{ribaldo2012graph,
  title={Graph-based methods for multi-document summarization: exploring relationship maps, complex networks and discourse information},
  author={Ribaldo, Rafael and Akabane, Ademar Takeo and Rino, Lucia Helena Machado and Pardo, Thiago Alexandre Salgueiro},
  booktitle={International Conference on Computational Processing of the Portuguese Language},
  pages={260--271},
  year={2012},
  organization={Springer}
}
@inproceedings{radev2002multi,
  title={Multi document centroid-based text summarization},
  author={Radev, Dragomir and Winkel, Adam and Topper, Michael},
  booktitle={ACL 2002},
  year={2002},
  organization={Citeseer}
}
@inproceedings{pal2021data,
  title={Data Agnostic RoBERTa-based Natural Language to SQL Query Generation},
  author={Pal, Debaditya and Sharma, Harsh and Chaudhuri, Kaustubh},
  booktitle={2021 6th International Conference for Convergence in Technology (I2CT)},
  pages={1--5},
  year={2021},
  organization={IEEE}
}